@inproceedings{p2p_replication_infocom2012,
  title      = {A Unifying Model and Analysis of P2P VoD 
                Replication and Scheduling},
  year       = {2012},
  author     = {Y. Zhou and
               T. Z. J. Fu and
               D. M. Chiu},
  booktitle  = {INFOCOM},
}
@inproceedings{p2p09-peersim,
	Author = {A. Montresor and M. Jelasity},
	Title = {{PeerSim}: A Scalable {P2P} Simulator},
	Booktitle = {P2P},
	Year = {2009}
}
@ONLINE{google_4q_report,
  author = {Google Inc.},
  title = {Google Announces Fourth Quarter and Fiscal Year 2011 Results},
  month = jan,
  year = {2012},
  url = {http://investor.google.com/pdf/2011Q4_earnings_google.pdf}
}

@incollection {springer10_bias_bittorrent_delft,
   author = {Zhang, Boxun and Iosup, Alexandru and Pouwelse, Johan and Epema, Dick and Sips, Henk},
   title = {Sampling Bias in BitTorrent Measurements},
   booktitle = {Euro-Par 2010 - Parallel Processing},
   editor = {D’Ambra, Pasqua and Guarracino, Mario and Talia, Domenico},
   publisher = {Springer Berlin / Heidelberg},
   pages = {484-496},
   year = {2010}
}

@inproceedings{CEPH_OSDI_06,
  title      = {Ceph: A Scalable, High-Performance Distributed  
									File System},
  year       = {2006},
  booktitle	 = {OSDI},
  author     = {S. Weil and S. A. Brandt and E. L. Miller  
									and D. D. E. Long and C. Maltzahn}
}

@inproceedings{ Ghemawat03,
	title 		 = {The Google file system},
	year 			 = {2003},
	key 			 = {FILE SYSTEM, distributed, relax design, google, grid, DISTRIBUTED ALGORITHM,
								storage, WORKLOAD},
	booktitle  = {SOSP},
	author 		 = {Ghemawat, S. and Gobioff, H.  and Leung, S.-T. },
}


@ARTICLE{ PlanetLab,
   author = "Larry Peterson and Tom Anderson and David Culler and Timothy Roscoe",
   title = "A Blueprint for Introducting Disruptive Technology into the Internet",
   journal = "HotNets-I",
   month = "November",
   year = 2002
   }

@TechReport{ DeScUr00survey,
  title 		 = {Totally Ordered Broadcast and Multicast Algorithms:
             		a Comprehensive Survey},
  year 			 = {2000},
	key 			 = {DISTRIBUTED ALGORITHMS, modeling, distributed systems, algorithms},
  author 		 = {Xavier Defago and Andre Schiper and Peter Urban},
	institution= {Ecole Polytechnique Federale de Lausanne, Switzerland,  2000},
  number 		 = {TR DSC/2000/036},
  address 	 = {Dept. of Communication Systems, EPFL, Switzerland},
  month 		 = {September}
}

@Article{	GueSchi97Replication,
  title 		 = {Software-Based Replication for Fault Tolerance},
  year			 = {1997},
  key 			 = {DISTRIBUTED ALGORITHMS, distributed systems design, replication},
  journal 	 = {IEEE Computer},
  author 		 = {Rachid Guerraoui and André Schiper},
  volume 		 = {30},
  number		 = {4},
  pages 		 = {68-74}
}

@ARTICLE{ Vitenberg99groupcommunication,
    author = {Roman Vitenberg and Idit Keidar and Gregory V. Chockler and Danny Dolev},
    title = {Group Communication Specifications: A Comprehensive Study},
    journal = {ACM Computing Surveys},
    year = {1999},
    volume = {33},
    pages = {2001}
}

@INPROCEEDINGS{ Chun06efficientreplica,
    author = {B. Chun and F. Dabek and A. Haeberlen and E. S. and H. Weatherspoon and M. F. Kaashoek and J. Kubiatowicz and R. Morris},
    title = {Efficient replica maintenance for distributed storage systems},
    booktitle = {NSDI},
    year = {2006}
}


@inproceedings{ cfs_SOSP_01,
	title 		 = {Wide-area cooperative storage with {CFS}},
	year 			 = {2001},
	key				 = {P2P, FILE SYSTEM, C, design, implementation},
	booktitle  = {SOSP},
	author 		 = {Dabek, F.   and Kaashoek, F.  M.  and Karger, D.
								and Morris, R.  and I. Stoica  }
}


@inproceedings{ PAST_SOSP_01,
	title 		 = {Storage Management and Caching in {PAST}, A
		  					Large-scale, Persistent Peer-to-peer Storage Utility},	
	year 			 = {2001},
	key		 		 = {P2P, DISTRIBUTED ALGORITHMS, storage, FIGURE, TRACES, POLICIES, 
								EMULATION, CACHING, REPLICATION},
	booktitle  = {SOSP01: Proceedings of the 8th ACM symposium on Operating
								Systems Principles},
	author 		 = {Rowstron, Antony I. T.  and Druschel, Peter },
	address 	 = {Banff, Canada},
	month 		 = {December},
	pages 		 = {188--201}
}

@article{ LNCS2007_cache,
	title			 = {Cost-Aware Caching Algorithms for Distributed Storage Servers },
	year			 = {2007},
	key 			 = {OPTIMIZATION, DISTRIBUTED ALGORITHMS, FILE SYSTEM, cache },
	journal		 = {LECTURE NOTES IN COMPUTER SCIENCE },
	author		 = {Shuang Liang and Ke Chen and Song Jiang and Xiaodong Zhang},
	pages			 = {373-387}
}

@ARTICLE{replicas_comm02,
	author= {Jussi Kangasharju and James Roberts and Keith W. Ross},
	title={Object replication strategies in content distribution networks},
	journal={Computer Communications}, 
	year={2002},
	volume={25}, 
	number={3}, 
	pages={367-383}, 
	month={March} 
}

@inproceedings{ SIGCOMM01_Chord,  
	title			 = {Chord: A Scalable Peer-to-peer Lookup Service for Internet Applications},
	year 			 = {2001},
	month		= {August},
	address		= {San Deigo, CA},
	author		= {Ion Stoica and Robert Morris and David Karger and M. Frans Kaashoek and Hari Balakrishnan},
	booktitle  		= {ACM SIGCOMM 2001}, 
	pages 		 = {149-160}
}

@inproceedings{ IFIP_ACM_Pastry,  
	title			 = {Pastry: Scalable, decentralized object location and routing for large-scale peer-to-peer systems},
	year 			 = {2001},
	month		= {November},
	address		= {Heidelberg, Germany},
	author		= {A. Rowstron and P. Druschel},
	booktitle  		= {IFIP/ACM International Conference on Distributed Systems Platforms (Middleware)}, 
	pages 		 = {329-350}
}

@MISC{ AmazonS3,
	title			= {CloudFront: an Amazon web service for content delivery},
	key			= {storage},
	howpublished	= {http://aws.amazon.com/cloudfront/}
}

@MISC{eMuleP2P,
	title			= {eMule: a free peer-to-peer file sharing application},
	key			= {file,share},
	howpublished	= {http://www.emule-project.net/}
}
@MISC{bittorrent_P2P_protocol,
	title			= {BitTorrent},
	key = {swarm, p2p},
	howpublished	= {http://bittorrent.com}
}

@MASTERSTHESIS{IMM200705295,
    author       = {F. Meira},
    title        = {A P2P Backup System for Small and Medium-sized Enterprises},
    year         = {2007},
    school       = {Informatics and Mathematical Modelling, Technical University of Denmark, (DTU)},
    address      = {Richard Petersens Plads, Building 321, {DK-}2800 Kgs. Lyngby},
    url          = {http://www2.imm.dtu.dk/pubdb/p.php?5295}
}

@incollection{springerlinkPetar,
   author = {Maymounkov, Petar and Mazières, David},
   title = {Kademlia: A Peer-to-Peer Information System Based on the XOR Metric},
   booktitle = {Peer-to-Peer Systems},
   editor = {Druschel, Peter and Kaashoek, Frans and Rowstron, Antony},
   publisher = {Springer Berlin / Heidelberg},
   pages = {53-65},
   year = {2002}
}

@article{repli_Schiper00,
	author = {M. Wiesmann and F. Pedone and A. Schiper and B. Kemme and G. Alonso},
	title = {Understanding Replication in Databases and Distributed Systems},
	journal ={Distributed Computing Systems, International Conference on},
	volume = {0},
	year = {2000},
	pages = {464}
}

@BOOK{Tanenbaum_06,
	author = {Andrew S. Tanenbaum and Maarten Van Steen},
 	title={Distributed systems: principles and paradigms}, 
	publisher={Prentice Hall; 2 edition},
	year={2006}
}

@article{Birman_93,
 author = {Birman, Kenneth P.},
 title = {The process group approach to reliable distributed computing},
 journal = {Commun. ACM},
 volume = {36},
 month = {December},
 year = {1993},
 pages = {37--53}
} 

@inproceedings{d3_sigcomm2011,
  title      = {Better Never than Late: Meeting Deadlines in Datacenter 
                Networks },
  year       = {2011},
  booktitle  = {SIGCOMM},
  author     = {C. Wilson and H. Ballani and T. Karagiannis 
                and A. Rowstron}
}


@inproceedings{p2p_replication_sigcomm02,
 author = {Cohen, Edith and Shenker, Scott},
 title = {Replication strategies in unstructured peer-to-peer networks},
 booktitle = {SIGCOMM},
 year = {2002}
} 

@inproceedings{p2p_replication_infocom12,
 author = {Zhou, Yipeng and Z. J. Fu, Tom and Chiu, Dah Ming},
 title = {A Unifying Model and Analysis of P2P VoD Replication and Scheduling},
 booktitle = {IEEE Infocom 2012},
 year = {2012},
} 

@misc{cisco_whitepaper_2011,
	title={Cisco Visual Networking Index:Forecast and Methodology,2010-2015},
	year={2011},
	howpublished={www.cisco.com},
	key={operator}
}
@misc{free_revolution_2011,
	title={Free Revolution},
	year={2011},
	howpublished={http://www.free.fr},
	month={February},
	key={operator}
}

@misc{youtube_2012,
	title={YouTube},
	year={2012},
	howpublished={http://www.youtube.com},
	month={March},
	key={vod}
}

@misc{velocix_alcatel_2010,
	title={Enabling Digital Media Content Delivery: Emerging Opportunities for Network Service Providers},
	year={2010},
	howpublished={www.velocix.com},
	key={operator}
}

@inproceedings{youtube_wsdm_2011,
  title      = {The tube over time: characterizing popularity growth of youtube videos},
  year       = {2011},
  author     = {Figueiredo, F. and Benevenuto, F. and 
                Almeida, J. M.},
  booktitle  = {WSDM}
}
@article{popularity_prediction_2010,
  title      = {Predicting the Popularity of Online Content},
  year       = {2010},
  journal    = {Communications of the ACM},
  author     = {Szabo, G. and Huberman, B. A.},
}

@inproceedings{farsite_osdi_2002,
	author		 = {Adya, A.  and Bolosky, W.  and Castro, M.  and Chaiken, R.   
								and Cermak, G.  and Douceur, J.  and Howell, J.  and Lorch, J.   
								and Theimer, M.  and Wattenhofer, R. },
	title 		 = {FARSITE: Federated, Available, and Reliable Storage 
								for an Incompletely Trusted Environment},
	booktitle  = {OSDI},
	year 			 = {2002},
}
@inproceedings{On03qualityof,
  title      = {Quality of Availability: Replica Placement for Widely 
                Distributed Systems},
  year       = {2003},
  booktitle  = {IWQoS},
  author     = {G. On and J. Schmitt and R. Steinmetz}
}
@inproceedings{carbonite_nsdi_2006,
  title      = {Efficient Replica Maintenance for Distributed Storage 
                Systems},
  author     = {B.-G. Chun and F. Dabek and A. Haeberlen 
                and E. Sit and H. Weatherspoon and F. Kaashoek 
                and J. Kubiatowicz and R. Morris},
  booktitle  = {NSDI},
  year       = {2006}
}
@inproceedings{self_tolerant_acm_cloud_2010,
	title			 = {A self-organized, fault-tolerant and scalable replication 
	              scheme for cloud storage},
	author		 = {N. Bonvin and T. G. Papaioannou and K. Aberer},
	booktitle	 = {SOCC},
	year 			 = {2010}
}
@article{Haiying_Shen_P2P_2010,
  author     = {H. Shen},
  title      = {An Efficient and Adaptive Decentralized File Replication 
                Algorithm in P2P File Sharing Systems},
  year       = {2010},
  journal    = {IEEE Transactions on Parallel and Distributed Systems},
}
@article{diffserv_ieee_2004,
  author     = {J. Evans and C. Filsfils},
  title      = {Deploying Diffserv at the network edge for tight SLAs, part 1},
  year       = {2004},
  journal    = {Internet Computing, IEEE},
}
@inproceedings{dynamo_amazon_sosp_2007,
 author = {DeCandia, G. and Hastorun, D. and Jampani, M. and Kakulapati, G. and Lakshman, A. and Pilchin, A. and Sivasubramanian, S. and Vosshall, P. and Vogels, W.},
 title = {Dynamo: amazon's highly available key-value store},
 booktitle = {SIGOPS},
 year = {2007}
} 
@inproceedings{tcp_sigcomm_2009,
 author = {Vasudevan, V. and Phanishayee, A. and Shah, H. and Krevat, E. and Andersen, D. G. and Ganger, G. R. and Gibson, G. A. and Mueller, B.},
 title = {Safe and effective fine-grained TCP retransmissions for datacenter communication},
 booktitle = {SIGCOMM},
 year = {2009}
} 
@inproceedings{dctcp_sigcomm_2010,
 author = {Alizadeh, M. and Greenberg, A. and Maltz, D. A. and Padhye, J. and Patel, P. and Prabhakar, B. and Sengupta, S. and Sridharan, M.},
 title = {Data center TCP (DCTCP)},
 booktitle = {SIGCOMM},
 year = {2010}
} 
@incollection {springerlink_cdn_taxonomy_2008,
   author = {Pathan, M. and Buyya, R.},
   title = {A Taxonomy of CDNs},
   booktitle = {Content Delivery Networks},
	publisher={Springer Berlin Heidelberg},
   year = {2008}
}
@incollection {internet_topology_pam_2008,
   author = {Gill, P. and Arlitt, M. and Li, Z. and Mahanti, A.},
   title = {The Flattening Internet Topology: Natural Evolution, Unsightly Barnacles or Contrived Collapse?},
   booktitle = {PAM},
   year = {2008}
}
@article{akamai_sigops_2010,
 author = {Nygren, E. and Sitaraman, R. K. and Sun, J.},
 title = {The Akamai network: a platform for high-performance internet applications},
 journal = {SIGOPS},
 year = {2010}
}
@TECHREPORT{caju_tr_2012,
 author = {Silvestre, G. and Monnet, S. and Krishnaswamy, R.
and Sens, P.},
 title = {Caju: a content distribution system for edge networks},
 year = {2012},
 type = {Technical Report},
 number= {8006}, 
}
@inproceedings{Dobrian_sigcomm_2011,
 author = {Dobrian, F. and Sekar, V. and Awan, A. and Stoica, I. and Joseph, D. and Ganjam, A. and Zhan, J. and Zhang, H.},
 title = {Understanding the impact of video quality on user engagement},
 booktitle = {SIGCOMM},
 year = {2011},
 keywords = {engagement, measurement, video quality},
} 
more recent article of the same work of dobrian
@article{Dobrian_commun_acm_2013,
  author    = {Florin Dobrian and
               Asad Awan and
               Dilip Antony Joseph and
               Aditya Ganjam and
               Jibin Zhan and
               Vyas Sekar and
               Ion Stoica and
               Hui Zhang},
  title     = {Understanding the impact of video quality on user engagement},
  journal   = {Commun. ACM},
  year      = {2013},
  ee        = {http://doi.acm.org/10.1145/2428556.2428577},
}

@inproceedings{Liu_sigcomm_2012,
 author = {Liu, X. and Dobrian, F. and Milner, H. and Jiang, J. and Sekar, V. and Stoica, I. and Zhang, H.},
 title = {A case for a coordinated internet video control plane},
 booktitle = {SIGCOMM},
 year = {2012},
 keywords = {cdns, control plane, video},
}
@article{d2tcp_sigcomm_12,
 author = {Vamanan, B. and Hasan, J. and Vijaykumar, T.N.},
 title = {Deadline-aware datacenter tcp (D2TCP)},
 journal = {SIGCOMM},
 year = {2012},
} 
@INPROCEEDINGS{popularity_awaregreedydual_size_icdcs99,
    author = {S. Jin and A. Bestavros},
    title = {Popularity-Aware GreedyDual-Size Web Proxy Caching Algorithms},
    booktitle = {ICDCS},
    year = {1999},
}
@inproceedings{silvestre_aren_icpads12,
  title={AREN: a popularity aware replication scheme for cloud storage},
  author={Silvestre, G. and Monnet, S. and Krishnaswamy, R. and Sens, P.},
  booktitle={ICPADS},
  year={2012},
}
@article{svm_1995,
year={1995},
journal={Machine Learning},
title={Support-vector networks},
keywords={pattern recognition; efficient learning algorithms; neural networks; radial basis function classifiers; polynomial classifiers},
author={Cortes, C. and Vapnik, V.},
}
@BOOK{elements_of_statistical_learning_2001,
  AUTHOR = {Hastie, T. and Tibshirani, R. and Friedman, J. H.},
  TITLE = {The elements of statistical learning: data mining, inference, and prediction: with 200 full-color illustrations},
  YEAR = {2001},
	publisher = {Springer}
}
@article{scikit-learn,
 title={Scikit-learn: Machine Learning in {P}ython},
 author={Pedregosa, F. and Varoquaux, G. and Gramfort, A. and Michel, V.
         and Thirion, B. and Grisel, O. and Blondel, M. and Prettenhofer, P.
         and Weiss, R. and Dubourg, V. and Vanderplas, J. and Passos, A. and
         Cournapeau, D. and Brucher, M. and Perrot, M. and Duchesnay, E.},
 journal={Journal of Machine Learning Research},
 year={2011}
}

@book{Vapnik-98,
  author    = {V. Vapnik},
  title     = {Statistical learning theory},
  publisher = {Wiley},
  year      = {1998},
}

@inproceedings{Freund_95,
 author = {Freund, Y. and Schapire, R. E.},
 title = {A decision-theoretic generalization of on-line learning and an application to boosting},
 booktitle = {Proceedings of the Second European Conference on Computational Learning Theory},
 year = {1995},
 publisher = {Springer-Verlag},
}

@book{Hastie-09,
  author = {Hastie, Trevor and Tibshirani, Robert and Friedman, Jerome},
  edition = 2,
  publisher = {Springer},
  title = {The elements of statistical learning: data mining, inference and prediction},
  year = 2009
}

 
@inproceedings{Mansy_icnp_2011,
  author    = {Ahmed Mansy and
               Mostafa H. Ammar},
  title     = {Analysis of adaptive streaming for hybrid CDN/P2P live video
               systems},
  booktitle = {ICNP},
  year      = {2011},
  ee        = {http://dx.doi.org/10.1109/ICNP.2011.6089062},
}

@inproceedings{Brodersen_www_2012,
  author    = {Anders Brodersen and
               Salvatore Scellato and
               Mirjam Wattenhofer},
  title     = {YouTube around the world: geographic popularity of videos},
  booktitle = {WWW},
  year      = {2012},
  ee        = {http://doi.acm.org/10.1145/2187836.2187870},
}

@inproceedings{Adhikari_infocom_2012,
  author    = {Vijay Kumar Adhikari and
               Sourabh Jain and
               Yingying Chen and
               Zhi-Li Zhang},
  title     = {Vivisecting YouTube: An active measurement study},
  booktitle = {INFOCOM},
  year      = {2012},
  ee        = {http://dx.doi.org/10.1109/INFCOM.2012.6195644},
}

@inproceedings{Braun_noms_2012,
  author    = {Lothar Braun and
               Alexander Klein and
               Georg Carle and
               Helmut Reiser and
               Jochen Eisl},
  title     = {Analyzing caching benefits for YouTube traffic in edge networks
               - A measurement-based evaluation},
  booktitle = {NOMS},
  year      = {2012},
  ee        = {http://dx.doi.org/10.1109/NOMS.2012.6211913},
}

@inproceedings{Finamore_imc_2011,
  author    = {Alessandro Finamore and
               Marco Mellia and
               Maurizio M. Munaf{\`o} and
               Ruben Torres and
               Sanjay G. Rao},
  title     = {YouTube everywhere: impact of device and infrastructure
               synergies on user experience},
  booktitle = {Internet Measurement Conference},
  year      = {2011},
  ee        = {http://doi.acm.org/10.1145/2068816.2068849},
}
@inproceedings{profitable_vod_sigcomm_07,
  author    = {Cheng Huang and Jin Li and Keith W. Ross},
  title     = {Can Internet Video-on-Demand Be Profitable?},
  booktitle = {ACM SIGCOMM},
  year      = {2007}
}
@article{pavod_icnp12,
	author = {Le Chang and Jianping Pan},
	title = {Towards the optimal caching strategies of peer-assisted VoD systems with HD channels},
	journal ={IEEE ICNP},
	year = {2012},
}
@inproceedings{huang2008challenges_sigcomm08,
  title={Challenges, Design and Analysis of a Large-scale P2P VoD System},
  author={Huang, Yan and Fu, Tom ZJ and Chiu, Dah-ming and Lui, John CS and Huang, Cheng},
  booktitle={ACM Sigcomm},
  year={2008}
}
@inproceedings{parvez_bittorrent_analysis_sigmetrics08,
  title={Analysis of BitTorrent-like Protocols for On-demand Stored Media Streaming},
  author={Parvez, Nadim and Williamson, Carey and Mahanti, Anirban and Carlsson, Niklas},
  booktitle={ACM SIGMETRICS},
  year={2008}
}
@article{crammer2001pranking,
  title={Pranking with ranking},
  author={Crammer, Koby and Singer, Yoram},
  journal={Advances in neural information processing systems},
  volume={14},
  pages={641--647},
  year={2001}
}
@article{jarvelin2002cumulated,
  title={Cumulated gain-based evaluation of IR techniques},
  author={J{\"a}rvelin, Kalervo and Kek{\"a}l{\"a}inen, Jaana},
  journal={ACM Transactions on Information Systems (TOIS)},
  volume={20},
  number={4},
  pages={422--446},
  year={2002},
  publisher={ACM}
}

@InProceedings{buffoni-11,
  author =    {David Buffoni and Cl\'{e}ment Calauzenes and Patrick Gallinari and Nicolas Usunier},
  title =     {Learning Scoring Functions with Order-Preserving Losses and Standardized Supervision },
  booktitle = {Proceedings of ICML-11},
  year =      {2011},
  publisher = {ACM},
  pages=      {825--832}
}

@article{Chapelle-11,
  author    = {Olivier Chapelle and
               Yi Chang},
  title     = {Yahoo! Learning to Rank Challenge Overview},
  journal   = {Journal of Machine Learning Research - Proceedings Track},
  volume    = {14},
  year      = {2011},
  pages     = {1-24},
}